@ARTICLE{9229407,
    author={Cai, Youcheng and Cao, Mingwei and Li, Lin and Liu, Xiaoping},
    journal={IEEE Access},
    title={An End-to-End Approach to Reconstructing 3D Model From Image Set},
    year={2020},
    volume={8},
    number={},
    pages={193268-193284},
    keywords={Three-dimensional displays;Image reconstruction;Surface reconstruction;Solid modeling;Computational modeling;Cameras;Structure from motion;3D reconstruction;feature tracking;structure from motion;multi-view stereo;surface reconstruction},
    doi={10.1109/ACCESS.2020.3032169}
}
@misc{shrestha2022real,
    title={A Real World Dataset for Multi-view 3D Reconstruction},
    author={Rakesh Shrestha and Siqi Hu and Minghao Gou and Ziyuan Liu and Ping Tan},
    year={2022},
    eprint={2203.11397},
    archivePrefix={arXiv},
    primaryClass={cs.CV}
}
@data{DVN/CU4UXG_2021,
    author = {Lombardi, Marco and Savardi. Mattia and Signoroni, Alberto},
    publisher = {Harvard Dataverse},
    title = {{DenseMatch: a dataset for real-time 3D reconstruction}},
    year = {2021},
    version = {V1},
    doi = {10.7910/DVN/CU4UXG},
    url = {https://doi.org/10.7910/DVN/CU4UXG}
}
@data{Olsson,
    author = {Carl Olsson and Olof Enqvis},
    publisher = {Harvard Dataverse},
    title = {{Stable Structure from Motion
    for Unordered Image Collections}},
    url = {https://www.maths.lth.se/matematiklth/vision/publdb/reports/pdf/olsson-enqvist-scia-2011.pdf}
}
